<record><leader>00000cas a22000007a 4500</leader><controlfield tag="001">13477822</controlfield><controlfield tag="008">860422d18941927pauwr ne      0    0eng d</controlfield><datafield ind1=" " ind2=" " tag="010"><subfield code="a">sn 86081608 </subfield></datafield><datafield ind1=" " ind2=" " tag="040"><subfield code="a">NPH</subfield><subfield code="b">eng</subfield><subfield code="c">NPH</subfield><subfield code="d">OCLCQ</subfield></datafield><datafield ind1=" " ind2=" " tag="042"><subfield code="a">msc</subfield></datafield><datafield ind1="0" ind2="4" tag="245"><subfield code="a">The Delta herald and times.</subfield></datafield><datafield ind1="1" ind2="3" tag="246"><subfield code="a">Delta herald &amp; times</subfield></datafield><datafield ind1=" " ind2=" " tag="260"><subfield code="a">Delta, York Co., Pa. :</subfield><subfield code="b">[s.n.],</subfield><subfield code="c">1894-1927.</subfield></datafield><datafield ind1=" " ind2=" " tag="300"><subfield code="a">v. ;</subfield><subfield code="c">64 cm.</subfield></datafield><datafield ind1=" " ind2=" " tag="310"><subfield code="a">Weekly</subfield></datafield><datafield ind1="0" ind2=" " tag="362"><subfield code="a">Vol. 16, no. 18 (Mar. 16, 1894)-v. 49, no. 26 (Mar. 25, 1927).</subfield></datafield><datafield ind1=" " ind2=" " tag="500"><subfield code="a">Editor: S.J. Barnett.</subfield></datafield><datafield ind1=" " ind2=" " tag="525"><subfield code="a">Includes supplements.</subfield></datafield><datafield ind1=" " ind2=" " tag="580"><subfield code="a">Formed by the union of: Delta herald (non-extant), and: Times (Delta, Pa.) (non-extant). Cf. NIM, 1978.</subfield></datafield><datafield ind1=" " ind2=" " tag="752"><subfield code="a">United States</subfield><subfield code="b">Pennsylvania</subfield><subfield code="c">York</subfield><subfield code="d">Delta.</subfield></datafield><datafield ind1="1" ind2="4" tag="780"><subfield code="t">Delta herald (Delta, Pa. : 1881)</subfield><subfield code="w">(OCoLC)21584300</subfield></datafield><datafield ind1="1" ind2="4" tag="780"><subfield code="t">Delta times (Delta, Pa. : 1886)</subfield><subfield code="w">(OCoLC)21584393</subfield></datafield><datafield ind1="0" ind2="0" tag="785"><subfield code="t">Delta herald-times</subfield><subfield code="w">(DLC)sn 86081607</subfield><subfield code="w">(OCoLC)13477936</subfield></datafield><datafield ind1="1" ind2=" " tag="029"><subfield code="a">AU@</subfield><subfield code="b">000025816300</subfield></datafield></record>